<record><leader>00000cas a22000007a 4500</leader><controlfield tag="001">17278005</controlfield><controlfield tag="008">871222d19241951ohuwr ne      0    0eng d</controlfield><datafield ind1=" " ind2=" " tag="010"><subfield code="a">sn 87076967 </subfield></datafield><datafield ind1=" " ind2=" " tag="040"><subfield code="a">ONP</subfield><subfield code="b">eng</subfield><subfield code="c">ONP</subfield><subfield code="d">OCLCQ</subfield></datafield><datafield ind1=" " ind2=" " tag="042"><subfield code="a">msc</subfield></datafield><datafield ind1="0" ind2=" " tag="130"><subfield code="a">Ansonian (Ansonia, Ohio)</subfield></datafield><datafield ind1="1" ind2="4" tag="245"><subfield code="a">The Ansonian.</subfield></datafield><datafield ind1=" " ind2=" " tag="260"><subfield code="a">Ansonia, Darke County, Ohio :</subfield><subfield code="b">[Smith &amp; Feltman]</subfield></datafield><datafield ind1=" " ind2=" " tag="310"><subfield code="a">Weekly</subfield></datafield><datafield ind1="1" ind2=" " tag="362"><subfield code="a">Began in Aug. 1924; ceased in 1951.</subfield></datafield><datafield ind1=" " ind2=" " tag="588"><subfield code="a">Description based on: Vol. 2, no. 102 (Apr. 22, 1926).</subfield></datafield><datafield ind1=" " ind2=" " tag="752"><subfield code="a">United States</subfield><subfield code="b">Ohio</subfield><subfield code="c">Darke</subfield><subfield code="d">Ansonia.</subfield></datafield></record>